<?xml version="1.0" encoding="UTF-8"?><record xmlns="http://www.loc.gov/MARC21/slim" xmlns:cinclude="http://apache.org/cocoon/include/1.0" xmlns:zs="http://www.loc.gov/zing/srw/">
  <leader>00499nz  a2200133n  4500</leader>
  <controlfield tag="001">no 96055864 </controlfield>
  <controlfield tag="003">DLC</controlfield>
  <controlfield tag="005">19961026053541.2</controlfield>
  <controlfield tag="008">961025n| acannaab|          |n aaa     c</controlfield>
  <datafield tag="010" ind1=" " ind2=" ">
    <subfield code="a">no 96055864 </subfield>
  </datafield>
  <datafield tag="035" ind1=" " ind2=" ">
    <subfield code="a">(OCoLC)oca04192197 </subfield>
  </datafield>
  <datafield tag="040" ind1=" " ind2=" ">
    <subfield code="a">CLU</subfield>
    <subfield code="c">CLU</subfield>
  </datafield>
  <datafield tag="100" ind1="1" ind2="0">
    <subfield code="a">Windeler, Robert Scott,</subfield>
    <subfield code="d">1967-</subfield>
  </datafield>
  <datafield tag="670" ind1=" " ind2=" ">
    <subfield code="a">Production of nanometer-sized metal oxide particles ... 1995:</subfield>
    <subfield code="b">t.p. (Robert Scott Windeler; Univ. of Calif., Los Angeles; Ph. D. in Chemical Engineering) vita (b. Morristown, N.J., Sept. 16, 1967)</subfield>
  </datafield>
</record>